<?xml version="1.0" encoding="UTF-8"?><collection xmlns="http://www.loc.gov/MARC21/slim"><record><leader>00619nam--2200169-i-4500</leader><controlfield tag="001">000038267</controlfield><controlfield tag="002">20161230</controlfield><controlfield tag="005">20161230201041</controlfield><controlfield tag="008">060222s1000------------r-----000-0-eng-d</controlfield><datafield ind1=" " ind2=" " tag="040"><subfield code="a">IFIN-HH</subfield></datafield><datafield ind1=" " ind2=" " tag="080"><subfield code="a">661.69</subfield></datafield><datafield ind1="1" ind2=" " tag="110"><subfield code="a">European Selenium - Tellurium Committee (Estc)</subfield></datafield><datafield ind1="1" ind2="0" tag="245"><subfield code="a">Recent advances in selenium physics</subfield><subfield code="b">A symposium on solid and liquid state selenium physics, arranged by the european selenium-tellurium committee and held at the chemical society, london, june 1964</subfield></datafield><datafield ind1=" " ind2=" " tag="260"><subfield code="a">Oxford</subfield><subfield code="b">Pergamon Press</subfield><subfield code="c">1965</subfield></datafield><datafield ind1=" " ind2=" " tag="300"><subfield code="a">VII + 160 P</subfield></datafield><datafield ind1=" " ind2=" " tag="852"><subfield code="a">24283</subfield><subfield code="c">537.311.33</subfield></datafield><datafield ind1=" " ind2=" " tag="CAT"><subfield code="a">Sys</subfield><subfield code="c">20110719</subfield><subfield code="h">152953</subfield></datafield></record></collection>